<?xml version="1.0" encoding="UTF-8"?><collection xmlns="http://www.loc.gov/MARC21/slim"><record><leader>00481nam--2200193-u-4500</leader><controlfield tag="001">000052884</controlfield><controlfield tag="002">20161230</controlfield><controlfield tag="005">20161230201050</controlfield><controlfield tag="008">101125s1000------------r-----000-0-rus-d</controlfield><datafield ind1=" " ind2=" " tag="040"><subfield code="a">IFIN-HH</subfield></datafield><datafield ind1=" " ind2=" " tag="041"><subfield code="a">rus</subfield></datafield><datafield ind1=" " ind2=" " tag="080"><subfield code="a">535.31</subfield></datafield><datafield ind1="1" ind2=" " tag="100"><subfield code="a">Vorontov, M.A</subfield></datafield><datafield ind1="1" ind2="0" tag="245"><subfield code="a">Printipi adaptivnoi optiki</subfield><subfield code="c">M.a. vorontov; v.i. shchmalgauzen</subfield></datafield><datafield ind1=" " ind2=" " tag="260"><subfield code="a">Moskva</subfield><subfield code="b">Nauka</subfield><subfield code="c">1985</subfield></datafield><datafield ind1=" " ind2=" " tag="300"><subfield code="a">335P</subfield></datafield><datafield ind1="1" ind2=" " tag="700"><subfield code="a">Shchmalgauzen, V.I</subfield></datafield><datafield ind1=" " ind2=" " tag="852"><subfield code="a">73665</subfield><subfield code="c">535</subfield></datafield><datafield ind1=" " ind2=" " tag="CAT"><subfield code="a">Sys</subfield><subfield code="c">20101125</subfield><subfield code="h">154920</subfield></datafield></record></collection>